@online{gjvideo,
        title = {Rapid Visual Inventory and Comparison of Complex 3D Structures},
        date = {2011},
        organization = {Youtube},
        author = {Johnson, Graham T. and Noske, Andrew and Marsh, Bradley},
        url = {https://www.youtube.com/watch?v=Dl1ufW3cj4g},
    }


@article{LeMuzic:EV:2016,
	author = {Le Muzic, Mathieu and Mindek, Peter and Sorger, Johannes and Autin, Ludovic and Goodsell, David and Viola, Ivan},
	title = {Visibility Equalizer: Cutaway Visualization of Mesoscopic Biological Models},
	note = {Computer Graphics Forum, 35(3), 2016. Accepted for publication.}
}


@MastersThesis{Basch:2011:ATA,
  Title                    = {Animated Transitions Across Multiple Dimensions for Volumetric Data},
  Author                   = {Christian Basch},
  School                   = {Institute of Computer Graphics and Algorithms, Vienna University of Technology},
  Year                     = {2011},
  Address                  = {Favoritenstrasse 9-11/186, A-1040 Vienna, Austria},
  Month                    = {oct},
  URL                      = {https://www.cg.tuwien.ac.at/research/publications/2011/Basch_2011_ATA/}
}

@Article{Bruckner:2006:TVCG,
  Title                    = {Exploded Views for Volume Data},
  Author                   = {Bruckner, Stefan and Gr\"oller, M. Eduard},
  Journal                  = {IEEE Transactions on Visualization and Computer Graphics},
  Year                     = {2006},
  Month                    = sep,
  Number                   = {5},
  Pages                    = {1077--1084},
  Volume                   = {12},
  Acmid                    = {1187828},
  Address                  = {Piscataway, NJ, USA},
  DOI                      = {10.1109/TVCG.2006.140},
  ISSN                     = {1077-2626},
  Issue_date               = {September 2006},
  Keywords                 = {exploded views, illustrative visualization, illustrative visualization, exploded views, volume rendering, volume rendering},
  Numpages                 = {8},
  Publisher                = {IEEE Educational Activities Department},
  URL                      = {http://dx.doi.org/10.1109/TVCG.2006.140}
}

@Article{Correa:TOG:2011,
  Title                    = {A Rendering Framework for Multi-scale Views of 3D Models},
  Author                   = {Wei-Hsien Hsu and Kwan-Liu Ma and Carlos Correa},
  Journal                  = {ACM Transactions on Graphics},
  Year                     = {2011},
  Month                    = {December},
  Note                     = {(Accepted for publication and presentation by ACM SIGGRAPH Asia 2011 Conference)},
  Number                   = {6},
  Volume                   = {30}
}

@Article{Elmqvist:TVCG:2008,
  Title                    = {Rolling the Dice: Multidimensional Visual Exploration using Scatterplot Matrix Navigation},
  Author                   = {N. Elmqvist and P. Dragicevic and J. D. Fekete},
  Journal                  = {IEEE Transactions on Visualization and Computer Graphics},
  Year                     = {2008},
  Month                    = {Nov},
  Number                   = {6},
  Pages                    = {1539-1148},
  Volume                   = {14},
  DOI                      = {10.1109/TVCG.2008.153},
  ISSN                     = {1077-2626}
}

@Misc{gjvideo,
}

@InProceedings{Guilmaine:IWCAVI:2012,
  Title                    = {Hierarchically Animated Transitions in Visualizations of Tree Structures},
  Author                   = {Guilmaine, David and Viau, Christophe and McGuffin, Michael J.},
  Booktitle                = {Proceedings of the International Working Conference on Advanced Visual Interfaces},
  Year                     = {2012},
  Address                  = {New York, NY, USA},
  Pages                    = {514--521},
  Publisher                = {ACM},
  Acmid                    = {2254653},
  DOI                      = {10.1145/2254556.2254653},
  ISBN                     = {978-1-4503-1287-5},
  Keywords                 = {animation, smoothly animated transitions, tree visualization},
  Location                 = {Capri Island, Italy},
  Numpages                 = {8},
  URL                      = {http://doi.acm.org/10.1145/2254556.2254653}
}

@Article{Heer:TVCG:2007,
  Title                    = {Animated Transitions in Statistical Data Graphics},
  Author                   = {J. Heer and G. Robertson},
  Journal                  = {IEEE Transactions on Visualization and Computer Graphics},
  Year                     = {2007},
  Month                    = {Nov},
  Number                   = {6},
  Pages                    = {1240--1247},
  Volume                   = {13},
  DOI                      = {10.1109/TVCG.2007.70539},
  ISSN                     = {1077-2626},
  Keywords                 = {computer animation;data visualisation;statistical analysis;DynaVis;animated transitions;bar charts;graphical perception;pie charts;scatter plots;statistical data graphics;visualization system;Animation;Collaboration;Data visualization;Drilling;Graphics;Guidelines;Information analysis;Marketing and sales;Scattering;Taxonomy;Statistical data graphics;animation;design;experiment;information visualization;transitions}
}

@Article{huron:TVCG:2013,
  Title                    = {{Visual Sedimentation}},
  Author                   = {Huron, Samuel and Vuillemot, Romain and Fekete, Jean-Daniel},
  Journal                  = {IEEE Transactions on Visualization and Computer Graphics},
  Year                     = {2013},
  Number                   = {12},
  Pages                    = {2446--2455},
  Volume                   = {19},
  Keywords                 = {Design, information visualization, dynamic visualization, dynamic data, data stream, real time, metaphor.},
  Language                 = {Anglais},
  Pdf                      = {http://hal.inria.fr/hal-00846260/PDF/visual\_sedimentation\_camera\_ready3.pdf},
  Publisher                = {IEEE},
  URL                      = {http://hal.inria.fr/hal-00846260}
}

@InProceedings{Hurter:PacificVis:2014,
  Title                    = {Color Tunneling: Interactive Exploration and Selection in Volumetric Datasets},
  Author                   = {C. Hurter and R. Taylor and S. Carpendale and A. Telea},
  Booktitle                = {Proceedings of IEEE Pacific Visualization Symposium (PacificVis 2014)},
  Year                     = {2014},
  Month                    = {March},
  Pages                    = {225-232},
  DOI                      = {10.1109/PacificVis.2014.61}
}

@Article{Karpenko:2010:TVCG,
  Title                    = {Exploded View Diagrams of Mathematical Surfaces},
  Author                   = {Karpenko, Olga and Li, Wilmot and Mitra, Niloy and Agrawala, Maneesh},
  Journal                  = {IEEE Transactions on Visualization and Computer Graphics},
  Year                     = {2010},
  Month                    = nov,
  Number                   = {6},
  Pages                    = {1311--1318},
  Volume                   = {16},
  Acmid                    = {1907927},
  Address                  = {Piscataway, NJ, USA},
  DOI                      = {10.1109/TVCG.2010.151},
  ISSN                     = {1077-2626},
  Issue_date               = {November 2010},
  Keywords                 = {exploded view diagrams, exploded view diagrams, mathematical visualization, symmetry, mathematical visualization, symmetry},
  Numpages                 = {8},
  Publisher                = {IEEE Educational Activities Department},
  URL                      = {http://dx.doi.org/10.1109/TVCG.2010.151}
}

@Article{Kosara:Computer:2013,
  Title                    = {Storytelling: The Next Step for Visualization},
  Author                   = {Robert Kosara and Jock Mackinlay},
  Journal                  = {IEEE Computer},
  Year                     = {2013},
  Pages                    = {44–-50},
  Volume                   = {46},
  Issue                    = {5}
}

@InProceedings{Kosara:VMV:2004,
  Title                    = {Linking Scientific and Information Visualization with Interactive 3D Scatterplots},
  Author                   = {R. Kosara and G. N. Sahling and H. Hauser},
  Booktitle                = {Proceedings of the 12th International Conference in Central Europe on Computer Graphics, Visualization and Computer Vision (WSCG)},
  Year                     = {2004},
  Pages                    = {133–-140}
}

@Article{LeMuzic:EV:2016,
  Title                    = {Visibility Equalizer: Cutaway Visualization of Mesoscopic Biological Models},
  Author                   = {Le Muzic, Mathieu and Mindek, Peter and Sorger, Johannes and Autin, Ludovic and Goodsell, David and Viola, Ivan},
  Note                     = {Computer Graphics Forum, 35(3), 2016. Accepted for publication.}
}

@Article{Li:SIGGRAPH:2008,
  Title                    = {Automated Generation of Interactive 3D Exploded View Diagrams},
  Author                   = {Li, Wilmot and Agrawala, Maneesh and Curless, Brian and Salesin, David},
  Journal                  = {ACM Transaction on Graphics},
  Year                     = {2008},
  Number                   = {3},
  Pages                    = {101:1--101:7},
  Volume                   = {27},
  Acmid                    = {1360700},
  Address                  = {New York, NY, USA},
  Articleno                = {101},
  DOI                      = {10.1145/1360612.1360700},
  ISSN                     = {0730-0301},
  Issue_date               = {August 2008},
  Keywords                 = {exploded view illustration, interactive, visualization},
  Numpages                 = {7},
  Publisher                = {ACM},
  URL                      = {http://doi.acm.org/10.1145/1360612.1360700}
}

@Article{Ma:CGA:2012,
  Title                    = {Scientific Storytelling Using Visualization},
  Author                   = {K. L. Ma and I. Liao and J. Frazier and H. Hauser and H. N. Kostis},
  Journal                  = {IEEE Computer Graphics and Applications},
  Year                     = {2012},
  Month                    = {Jan},
  Number                   = {1},
  Pages                    = {12-19},
  Volume                   = {32},
  DOI                      = {10.1109/MCG.2012.24},
  ISSN                     = {0272-1716},
  Keywords                 = {data visualisation;natural sciences computing;literary narrative convention;scientific data visualization;scientific storytelling;theatrical narrative convention;Data visualization;Information resources;Knowledge transfer;Science (general);AniViz;Exploratorium;computer graphics;graphics and multimedia;information visualization;scientific storytelling;scientific visualization;storytelling}
}

@InProceedings{muzic15,
  Title                    = {cell{VIEW}: a Tool for Illustrative and Multi-Scale Rendering of Large Biomolecular Datasets},
  Author                   = {Mathieu {Le Muzic} and Ludovic Autin and Julius Parulek and Ivan Viola},
  Booktitle                = {Eurographics Workshop on Visual Computing for Biology and Medicine},
  Year                     = {2015},
  Month                    = sep,
  Pages                    = {61--70},
  Location                 = {Chester, United Kingdom}
}

@Article{Robertson:CommACM:1993,
  Title                    = {Information Visualization Using 3D Interactive Animation},
  Author                   = {Robertson, George G. and Card, Stuart K. and Mackinlay, Jack D.},
  Journal                  = {Communications of the ACM},
  Year                     = {1993},
  Month                    = apr,
  Number                   = {4},
  Pages                    = {57--71},
  Volume                   = {36},
  Acmid                    = {153577},
  Address                  = {New York, NY, USA},
  DOI                      = {10.1145/255950.153577},
  ISSN                     = {0001-0782},
  Issue_date               = {April 1993},
  Numpages                 = {15},
  Publisher                = {ACM},
  URL                      = {http://doi.acm.org/10.1145/255950.153577}
}

@Article{Robertson:TVCG:2008,
  Title                    = {Effectiveness of Animation in Trend Visualization},
  Author                   = {G. Robertson and R. Fernandez and D. Fisher and B. Lee and J. Stasko},
  Journal                  = {IEEE Transactions on Visualization and Computer Graphics},
  Year                     = {2008},
  Month                    = {Nov},
  Number                   = {6},
  Pages                    = {1325-1332},
  Volume                   = {14},
  DOI                      = {10.1109/TVCG.2008.125},
  ISSN                     = {1077-2626}
}

@Article{Segel:TVCG:2010,
  Title                    = {Narrative Visualization: Telling Stories with Data},
  Author                   = {Edward Segel AND Jeffrey Heer},
  Journal                  = {IEEE Transactions on Visualization and Computer Graphics},
  Year                     = {2010},
  Month                    = {Nov},
  Number                   = {6},
  Pages                    = {1139-1148},
  Volume                   = {16},
  DOI                      = {10.1109/TVCG.2010.179},
  ISSN                     = {1077-2626}
}

@Article{Shoemake:ARQ:1985,
  Title                    = {Animating Rotation with Quaternion Curves},
  Author                   = {Shoemake, Ken},
  Journal                  = {SIGGRAPH Comput. Graph.},
  Year                     = {1985},
  Month                    = jul,
  Number                   = {3},
  Pages                    = {245--254},
  Volume                   = {19},
  Acmid                    = {325242},
  Address                  = {New York, NY, USA},
  DOI                      = {10.1145/325165.325242},
  ISSN                     = {0097-8930},
  Issue_date               = {Jul. 1985},
  Keywords                 = {B{\'e}zier curve, B-spline, animation, approximation, in-betweening, interpolation, quaternion, rotation, spherical geometry, spline},
  Numpages                 = {10},
  Publisher                = {ACM},
  URL                      = {http://doi.acm.org/10.1145/325165.325242}
}

@InProceedings{Tory:RVH:2004,
  Title                    = {Rethinking Visualization: A High-Level Taxonomy},
  Author                   = {Tory, Melanie and Moller, Torsten},
  Booktitle                = {Proceedings of the IEEE Symposium on Information Visualization},
  Year                     = {2004},
  Address                  = {Washington, DC, USA},
  Pages                    = {151--158},
  Publisher                = {IEEE Computer Society},
  Series                   = {INFOVIS '04},
  Acmid                    = {1038794},
  DOI                      = {10.1109/INFOVIS.2004.59},
  ISBN                     = {0-7803-8779-3},
  Keywords                 = {visualization, taxonomy, classification, design model, user model, conceptual model},
  Numpages                 = {8},
  URL                      = {http://dx.doi.org/10.1109/INFOVIS.2004.59}
}

@Book{Tufte:1990:EI,
  Title                    = {Envisioning Information},
  Author                   = {Tufte, Edward},
  Publisher                = {Graphics Press},
  Year                     = {1990},
  Address                  = {Cheshire, CT, USA},
  ISBN                     = {0-9613921-1-8}
}

@Article{Tversky:IJHCS:2002,
  Title                    = {Animation: Can It Facilitate?},
  Author                   = {Tversky, Barbara and Morrison, Julie Bauer and Betrancourt, Mireille},
  Journal                  = {International Journal of Human-Computer Studies},
  Year                     = {2002},
  Month                    = oct,
  Number                   = {4},
  Pages                    = {247--262},
  Volume                   = {57},
  Acmid                    = {638620},
  Address                  = {Duluth, MN, USA},
  DOI                      = {10.1006/ijhc.2002.1017},
  ISSN                     = {1071-5819},
  Issue_date               = {October 2002},
  Numpages                 = {16},
  Publisher                = {Academic Press, Inc.},
  URL                      = {http://dx.doi.org/10.1006/ijhc.2002.1017}
}

@InProceedings{Wohlfart:EuroVis:2007,
  Title                    = {Story Telling for Presentation in Volume Visualization},
  Author                   = {Wohlfart, Michael and Hauser, Helwig},
  Booktitle                = {Proceedings of the 9th Joint Eurographics / IEEE VGTC Conference on Visualization},
  Year                     = {2007},
  Pages                    = {91--98},
  Publisher                = {Eurographics Association},
  Series                   = {EUROVIS'07},
  Acmid                    = {2384194},
  DOI                      = {10.2312/VisSym/EuroVis07/091-098},
  ISBN                     = {978-3-905673-45-6},
  Location                 = {Norrk\&\#246;ping, Sweden},
  Numpages                 = {8},
  URL                      = {http://dx.doi.org/10.2312/VisSym/EuroVis07/091-098}
}

